
@article{kraft_humboldt_2020,
	title = {The Humboldt Code: On creating a hybrid digital scholarly edition of a 19th century globetrotter},
	rights = {Copyright (c) 2020},
	issn = {2709-376X},
	url = {https://journals.univie.ac.at/index.php/wdr/article/view/3123},
	doi = {10.25365/wdr-01-03-02},
	shorttitle = {The Humboldt Code},
	number = {1},
	journaltitle = {Wiener Digitale Revue},
	author = {Kraft, Tobias and Dumont, Stefan},
	urldate = {2021-07-07},
	date = {2020-10-01},
	langid = {english},
	note = {Number: 1},
	keywords = {edition humboldt},
	file = {Full Text PDF:C\:\\Users\\Axelle\\Zotero\\storage\\JE3QBKDE\\Kraft and Dumont - 2020 - The Humboldt Code On creating a hybrid digital sc.pdf:application/pdf;Snapshot:C\:\\Users\\Axelle\\Zotero\\storage\\7CKY2YTB\\3123.html:text/html},
	keywords={bbaw}
}

@online{noauthor_avhumboldt_nodate,
	title = {avhumboldt.de},
	url = {http://www.avhumboldt.de/},
	abstract = {Alexander von Humboldt Informationen online},
	titleaddon = {avhumboldt.de},
	urldate = {2021-07-07},
	langid = {german},
	file = {Snapshot:C\:\\Users\\Axelle\\Zotero\\storage\\EBCLH8UD\\www.avhumboldt.de.html:text/html},
	keywords={bbaw}
}

@online{noauthor_ediarum_nodate-1,
	title = {Ediarum. A toolbox for editors and developers – {RIDE}},
	url = {https://ride.i-d-e.de/issues/issue-11/ediarum/},
	urldate = {2021-07-07},
	langid = {american},
	file = {Snapshot:C\:\\Users\\Axelle\\Zotero\\storage\\NCBRGQHN\\ediarum.html:text/html},
	keywords={bbaw}
}

@online{noauthor_at_nodate,
	title = {At the intersection of sciences, humanities and technologies – A review of the edition humboldt digital – {RIDE}},
	url = {https://ride.i-d-e.de/issues/issue-13/ehd/},
	urldate = {2021-07-07},
	langid = {american},
	file = {Snapshot:C\:\\Users\\Axelle\\Zotero\\storage\\F4WS75ZT\\ehd.html:text/html},
	keywords={bbaw}
}

@online{noauthor_correspsearch_nodate,
	title = {{correspSearch} - Correspondence Metadata Interchange-Format ({CMI})},
	url = {https://correspsearch.net/de/dokumentation.html},
	urldate = {2021-07-07},
	file = {correspSearch - Correspondence Metadata Interchange-Format (CMI):C\:\\Users\\Axelle\\Zotero\\storage\\WHZLJZ8X\\dokumentation.html:text/html},
	keywords={bbaw}
}

@incollection{schwarz_zur_2001,
	location = {Berlin},
	edition = {Wissenschaftlicher Verlag Berlin},
	title = {Zur Geschichte der Alexander-von-Humboldt-Forschung and der Berlin-Brandenburgischen Akademie der Wissenschaft},
	pages = {107--127},
	booktitle = {Die Berliner und Brandenburger Lateiamerikaforschung in Geschichte un Gegenwart. Personen und Institutionen.},
	author = {Schwarz, Ingo},
	editor = {Wolff, Gregor},
	date = {2001},
	keywords={bbaw}
}

@article{dumont_correspsearch_2016,
	title = {{correspSearch} – Connecting Scholarly Editions of Letters},
	rights = {For this publication a Creative Commons Attribution 4.0 International license has been granted by the author(s) who retain full copyright.},
	issn = {2162-5603},
	url = {https://journals.openedition.org/jtei/1742},
	doi = {10.4000/jtei.1742},
	abstract = {The web service {correspSearch} collects correspondence metadata from diverse scholarly editions by using the {TEI} {XML}–based “Correspondence Metadata Interchange Format” developed by the {TEI} Correspondence {SIG}. The web service provides the aggregated data not only on a website, but also via an {API} in different machine-readable formats and under a free license. The {API} also makes it possible to automatically refer or even link a letter in one digital edition to related letters provided by other editions. Collecting edited letters in {correspSearch} and linking them via the {API} helps overcome certain methodological disadvantages of scholarly editions of letters, since it enables the contextualization and connection of single letters within an entire correspondence network.},
	issue = {Issue 10},
	journaltitle = {Journal of the Text Encoding Initiative},
	author = {Dumont, Stefan},
	urldate = {2021-08-08},
	date = {2016-12-07},
	langid = {english},
	note = {Number: Issue 10
Publisher: Text Encoding Initiative Consortium},
	keywords = {authority files, correspondence, interchange, letter, metadata, web service},
	file = {Full Text PDF:C\:\\Users\\Axelle\\Zotero\\storage\\C25RBMHJ\\Dumont - 2016 - correspSearch – Connecting Scholarly Editions of L.pdf:application/pdf},
	keywords={bbaw}
}