
@article{castets-renard_open_2016,
	title = {Open data des données de la recherche publique : entre réformes législatives et retour d’expérience sur un guide pratique à destination des chercheurs},
	volume = {N° 56},
	issn = {1244-9288},
	url = {https://www.cairn.info/revue-legicom-2016-1-page-67.htm},
	shorttitle = {Open data des données de la recherche publique},
	pages = {67--75},
	number = {1},
	journaltitle = {{LEGICOM}},
	author = {Castets-Renard, Céline and Gandon, Nathalie},
	urldate = {2021-07-08},
	date = {2016-03-08},
	langid = {french},
	file = {Full Text PDF:C\:\\Users\\Axelle\\Zotero\\storage\\NGJ7S9FM\\Castets-Renard and Gandon - 2016 - Open data des données de la recherche publique  e.pdf:application/pdf;Snapshot:C\:\\Users\\Axelle\\Zotero\\storage\\V4TCF4LC\\revue-legicom-2016-1-page-67.html:text/html},
	keywords={data}
}

@article{francony_leditorialisation_2018,
	title = {L'éditorialisation des données aux bornes des {API} : enjeux et perspectives pour une analyse empirique},
	volume = {N° 19/2},
	url = {https://www.cairn.info/revue-les-enjeux-de-l-information-et-de-la-communication-2018-2-page-69.htm},
	shorttitle = {L'éditorialisation des données aux bornes des {API}},
	pages = {69--79},
	number = {2},
	journaltitle = {Les Enjeux de l'information et de la communication},
	author = {Francony, Jean-Marc},
	urldate = {2021-07-09},
	date = {2018},
	langid = {french},
	file = {Full Text PDF:C\:\\Users\\Axelle\\Zotero\\storage\\BB2RDJPJ\\Francony - 2018 - L'éditorialisation des données aux bornes des API .pdf:application/pdf;Snapshot:C\:\\Users\\Axelle\\Zotero\\storage\\SUH3HKJC\\revue-les-enjeux-de-l-information-et-de-la-communication-2018-2-page-69.html:text/html},
	keywords={data}
}

@book{graham_exploring_2016,
	location = {London},
	edition = {Imperial College Press},
	title = {Exploring Big Historical Data : the Historian's Macroscope},
	author = {Graham, Shawn and Milligan, Ian and Weingart, Scott},
	date = {2016},
	keywords={data}
}

@article{noauthor_web_2021_wiki,
	title = {Web des données},
	rights = {Creative Commons Attribution-{ShareAlike} License},
	url = {https://fr.wikipedia.org/wiki/Web_des_donn%C3%A9es},
	journaltitle = {Wikipédia},
	urldate = {2021-07-14},
	date = {2021-06-16},
	langid = {french},
	file = {Snapshot:C\:\\Users\\Axelle\\Zotero\\storage\\IEQASCBM\\index.html:text/html},
	keywords={data}
}

@article{noauthor_web_2021-1_wiki,
	title = {Web sémantique},
	rights = {Creative Commons Attribution-{ShareAlike} License},
	url = {https://fr.wikipedia.org/wiki/Web_s%C3%A9mantique},
	journaltitle = {Wikipédia},
	urldate = {2021-07-14},
	date = {2021-07-13},
	langid = {french},
	keywords={data}
}


@book{manning_big_2013,
	location = {New York},
	title = {Big Data in History},
	publisher = {Palgrave Macmillan},
	author = {Manning, Patrick},
	date = {2013},
	keywords={data}
}

@article{verlaet_lenjeu_2016,
	title = {L’enjeu du web de données pour l’édition scientifique},
	volume = {Volume 53},
	issn = {2428-2111},
	url = {https://www.cairn.info/revue-i2d-information-donnees-et-documents-2016-2-page-49.htm},
	abstract = {[impact] Cet article présente le concept d’éditorialisation sémantique et explicite les opportunités de l’enrichissement sémantique des publications scientifiques pour l’ensemble des acteurs de l’{IST} (auteurs, éditeurs et professionnels de l’information).},
	pages = {49--49},
	number = {2},
	journaltitle = {I2D - Information, donnees documents},
	author = {Verlaet, Lise and Dillaerts, Hans},
	urldate = {2021-07-24},
	date = {2016-07-05},
	langid = {french},
	note = {Bibliographie\_available: 0
Cairndomain: www.cairn.info
Cite Par\_available: 1
Publisher: A.D.B.S.},
	file = {Full Text PDF:C\:\\Users\\Axelle\\Zotero\\storage\\KKLPYKYY\\Verlaet and Dillaerts - 2016 - L’enjeu du web de données pour l’édition scientifi.pdf:application/pdf;Snapshot:C\:\\Users\\Axelle\\Zotero\\storage\\98V85CCY\\revue-i2d-information-donnees-et-documents-2016-2-page-49.html:text/html},
	keywords={data}
}

@incollection{maignien_chapitre_2014,
	location = {Montréal},
	title = {Chapitre 5. Les enjeux du web sémantique},
	isbn = {978-2-8218-5072-9},
	url = {http://books.openedition.org/pum/320},
	series = {Parcours numérique},
	pages = {77--93},
	booktitle = {Pratiques de l’édition numérique},
	publisher = {Presses de l’Université de Montréal},
	author = {Maignien, Yannick},
	editor = {Vitali-Rosati, Marcello and Sinatra, Michael E.},
	urldate = {2021-07-25},
	date = {2014-09-26},
	note = {Code: Pratiques de l’édition numérique},
	keywords = {édition numérique, crise de l'édition, humanités numériques, livre numérique, modèle économique, numérisation, web sémantique},
	keywords={data}
}

@article{mkadmi_xml_2006,
	title = {{XML} et travail collaboratif : vers un Web sémantique},
	volume = {16},
	url = {https://hal.archives-ouvertes.fr/hal-01340492},
	shorttitle = {{XML} et travail collaboratif},
	journaltitle = {La revue maghrébine de documentation et d'information},
	author = {Mkadmi, Abderrazak},
	urldate = {2021-07-25},
	date = {2006},
	keywords = {Collaborative work, Digital document, Document numérique, Information retrieval, Metadata, Métadonnées, Recherche d'information, Semantic Web, Travail collaboratif, Web sémantique, {XML}},
	file = {HAL PDF Full Text:C\:\\Users\\Axelle\\Zotero\\storage\\VHT9FDJR\\Mkadmi - 2006 - XML et travail collaboratif  vers un Web sémantiq.pdf:application/pdf},
	keywords={data}
}

@article{berners-lee_semantic_2001,
	title = {The Semantic Web: a new form of Web content that is meaningful to computers wil unleash a revolution of new possibillities},
	url = {http://web.archive.org/web/20081114135540/http://www.sciam.com/article.cfm?id=the-semantic-web&print=true},
	shorttitle = {The Semantic Web},
	journaltitle = {Scientific American Magazine},
	author = {Berners-Lee, Tim and Hendler, James and Lassila, Ora},
	urldate = {2021-07-25},
	date = {2001-05-17},
	file = {Snapshot:C\:\\Users\\Axelle\\Zotero\\storage\\ZXB2TLTI\\article.html:text/html},
	keywords={data}
}

@article{noauthor_metadata_2020,
	title = {Metadata Object Description Schema},
	rights = {Creative Commons Attribution-{ShareAlike} License},
	url = {https://fr.wikipedia.org/wiki/Metadata_Object_Description_Schema},
	journaltitle = {Wikipédia},
	urldate = {2021-07-27},
	date = {2020-12-13},
	langid = {french},
	keywords={data}
}

@article{wiki_traitement_2021,
	title = {Traitement de données},
	rights = {Creative Commons Attribution-{ShareAlike} License},
	url = {https://fr.wikipedia.org/wiki/Traitement_de_donn%C3%A9es4},
	journaltitle = {Wikipédia},
	urldate = {2021-07-30},
	date = {2021-06-08},
	langid = {french},
	keywords={data}
}

@article{fabry_publier_2017,
	title = {Publier des données liées et ouvertes en sept étapes},
	volume = {Volume 54},
	issn = {2428-2111},
	url = {https://www-cairn-info.proxy.chartes.psl.eu/revue-i2d-information-donnees-et-documents-2017-1-page-12.htm},
	abstract = {[process] Toute personne charg\&\#233;e d\&\#8217;un projet de mise en ligne de donn\&\#233;es li\&\#233;es et ouvertes trouvera des rep\&\#232;res m\&\#233;thodologiques dans ce guide rythm\&\#233; par une alternance de propos th\&\#233;oriques et d\&\#8217;\&\#233;tudes de cas.},
	pages = {12--14},
	number = {1},
	journaltitle = {I2D - Information, donnees documents},
	author = {Fabry, Cécilia and Roussel, Clotilde and Collignon, Alain and Parmentier, François and Moreau, Elise and Thouvenin, Nicolas},
	urldate = {2021-08-09},
	date = {2017-04-01},
	langid = {french},
	note = {Bibliographie\_available: 0
Cairndomain: www.cairn.info
Cite Par\_available: 0
Publisher: A.D.B.S.},
	file = {Full Text PDF:C\:\\Users\\Axelle\\Zotero\\storage\\2HFQPZNB\\Fabry et al. - 2017 - Publier des données liées et ouvertes en sept étap.pdf:application/pdf;Snapshot:C\:\\Users\\Axelle\\Zotero\\storage\\K9BCADYB\\revue-i2d-information-donnees-et-documents-2017-1-page-12.html:text/html},
	keywords={data}
}

@article{babinet_12_2020,
	title = {12. Open source},
	url = {https://www-cairn-info.proxy.chartes.psl.eu/refondre-les-politiques-publiques--9782100820764-page-107.htm},
	pages = {107--114},
	journaltitle = {Hors collection},
	author = {Babinet, Gilles},
	urldate = {2021-08-09},
	date = {2020},
	langid = {french},
	note = {Bibliographie\_available: 0
Cairndomain: www.cairn.info
Cite Par\_available: 0
{ISBN}: 9782100820764
Publisher: Dunod},
	file = {Snapshot:C\:\\Users\\Axelle\\Zotero\\storage\\VNCG4649\\refondre-les-politiques-publiques--9782100820764-page-107.html:text/html},
	keywords={data}
}

@article{databnf_semantic_nodate,
	title = {Semantic Web and data model},
	url = {https://data.bnf.fr/en/semanticweb},
	journaltitle = {Data {BnF}},
	urldate = {2021-08-21},
	file = {Semantic Web and data model:C\:\\Users\\Axelle\\Zotero\\storage\\P7CHUUIH\\semanticweb.html:text/html},
	keywords={data}
}