
@incollection{dumont_correspondence_2019,
	location = {Berlin},
	edition = {1},
	title = {Correspondence Metadata Interchange Format},
	booktitle = {Encoding Correspondence. A Manual for {TEI}-{XML}-based Encoding of Letters and Postcards in {TEI}-{XML} and {DTABf}},
	publisher = {Berlin-Brandenburg Academy of Sciences and Humanities},
	author = {Dumont, Stefan and Börner, Ingo and Leipold, Dominik and Müller-Laackman, Jonas and Schneider, Gerlinde and Dumont, Stefan and Haaf, Susanne and Seifert, Sabine},
	date = {2019},
	langid = {english},
	file = {Encoding Correspondence\: Correspondence Metadata Interchange Format (CMIF):C\:\\Users\\Axelle\\Zotero\\storage\\JCILZ8AC\\CMIF.html:text/html},
	keywords={humanities}
}

@software{noauthor_tei-correspondence-sigcmif_2020,
	title = {{TEI}-Correspondence-{SIG}/{CMIF}},
	rights = {{BSD}-2-Clause},
	url = {https://github.com/TEI-Correspondence-SIG/CMIF},
	abstract = {Correspondence Metadata Interchange Format},
	publisher = {{TEI} Correspondence {SIG}},
	urldate = {2021-07-07},
	date = {2020-11-19},
	note = {original-date: 2015-06-18T09:51:52Z},
	keywords={humanities}
}

@book{albouy_mediation_2019,
	edition = {Mémoire le Master Technologies numériques appliquées à l'histoire},
	title = {Médiation des données de recherche. Élaboration d'une plateforme en ligne pour une base de tables astromiques anciennes},
	author = {Albouy, Ségolène},
	date = {2019},
	keywords={humanities}
}

@book{wenz_lopen_2016,
	title = {L’open data, un levier pour l’évolution des catalogues},
	isbn = {978-2-7654-1513-8},
	url = {https://www.cairn.info/vers-de-nouveaux-catalogues--9782765415138-page-13.htm},
	publisher = {Éditions du Cercle de la Librairie},
	author = {Wenz, Romain},
	urldate = {2021-07-07},
	date = {2016},
	langid = {french},
	file = {Snapshot:C\:\\Users\\Axelle\\Zotero\\storage\\PKBW6NY2\\vers-de-nouveaux-catalogues--9782765415138-page-13.html:text/html},
	keywords={humanities}
}

@article{janicke_close_2015,
	title = {On Close and Distant Reading in Digital Humanities: A Survey and Future Challenges},
	url = {https://www.informatik.uni-leipzig.de/~stjaenicke/Survey.pdf},
	abstract = {We present an overview of the last ten years of research on visualizations that support close and distant reading of textual data in the digital humanities. We look at various works published within both the visualization and digital humanities communities. We provide a taxonomy of applied methods for close and distant reading, and illustrate approaches that combine both reading techniques to provide a multifaceted view of the data. Furthermore, we list toolkits and potentially beneﬁcial visualization approaches for research in the digital humanities. Finally, we summarize collaboration experiences when developing visualizations for close and distant reading, and give an outlook on future challenges in that research area.},
	pages = {21},
	author = {Jänicke, S and Franzini, G and Cheema, M F and Scheuermann, G},
	date = {2015},
	langid = {english},
	file = {Jänicke et al. - On Close and Distant Reading in Digital Humanities.pdf:C\:\\Users\\Axelle\\Zotero\\storage\\5VUI2RCR\\Jänicke et al. - On Close and Distant Reading in Digital Humanities.pdf:application/pdf},
	keywords={humanities}
}

@article{pelissier_accompagner_2017,
	title = {Accompagner le chercheur en {SHS} à l’ère des humanités numériques},
	volume = {Vol. 13},
	issn = {1622-1494},
	url = {https://www-cairn-info.proxy.chartes.psl.eu/revue-les-cahiers-du-numerique-2017-3-page-167.htm},
	abstract = {Dans le contexte actuel des humanit\&\#233;s num\&\#233;riques, nous pr\&\#233;sentons une vision de la place qu\&\#8217;occupe actuellement et que pourrait occuper prochainement le num\&\#233;rique dans l\&\#8217;activit\&\#233; scientifique du chercheur en {SHS}. Apr\&\#232;s avoir d\&\#233;crit les humanit\&\#233;s num\&\#233;riques comme \&\#233;tant essentielles dans le d\&\#233;veloppement de la recherche, nous positionnons notre travail d\&\#8217;une part dans la perspective de la gen\&\#232;se instrumentale et, d\&\#8217;autre part, dans le contexte de l\&\#8217;accompagnement de l\&\#8217;activit\&\#233; du chercheur en sciences humaines et sociales. Puis, nous pr\&\#233;sentons les r\&\#233;sultats d\&\#8217;une enqu\&\#234;te r\&\#233;alis\&\#233;e aupr\&\#232;s de scientifiques. Cette enqu\&\#234;te vise \&\#224; sp\&\#233;cifier leurs besoins et leurs attentes en mati\&\#232;re de solutions techniques. Nous pr\&\#233;sentons ensuite une exp\&\#233;rience men\&\#233;e dans le cadre du colloque {TICE} 2014. Les r\&\#233;sultats de cette enqu\&\#234;te et de cette exp\&\#233;rience nous am\&\#232;nent \&\#224; discuter le r\&\#244;le des outils technologiques d\&\#233;di\&\#233;s au d\&\#233;veloppement d\&\#8217;une activit\&\#233; cognitive augment\&\#233;e.},
	pages = {167--194},
	number = {3},
	journaltitle = {Les Cahiers du numerique},
	author = {Pélissier, Chrysta},
	urldate = {2021-07-08},
	date = {2017},
	langid = {french},
	note = {Bibliographie\_available: 1
Cairndomain: www.cairn.info
Cite Par\_available: 0
Publisher: Lavoisier},
	file = {Full Text PDF:C\:\\Users\\Axelle\\Zotero\\storage\\XLKMUNCM\\Pélissier - 2017 - Accompagner le chercheur en SHS à l’ère des humani.pdf:application/pdf;Snapshot:C\:\\Users\\Axelle\\Zotero\\storage\\EQEXIM3G\\revue-les-cahiers-du-numerique-2017-3-page-167.html:text/html},
	keywords={humanities}
}

@article{tomic_usage_2014,
	title = {De l'usage des {API}},
	volume = {Vol. 51},
	issn = {0012-4508},
	url = {https://www.cairn.info/revue-documentaliste-sciences-de-l-information-2014-3-page-17.htm},
	abstract = {[Technique] À quoi peuvent bien servir les {API} ? Elles permettent notamment, à l’instar de celles de l’Agence bibliographique de l’enseignement supérieur (Abes), de contrôler la qualité d’un catalogue, de l’enrichir, de créer une application ou encore de créer une {API} à partir d’autres {API}.},
	pages = {17--18},
	number = {3},
	journaltitle = {Documentaliste-Sciences de l'Information},
	author = {Tomic, Yves},
	urldate = {2021-07-08},
	date = {2014-09-25},
	langid = {french},
	file = {Full Text PDF:C\:\\Users\\Axelle\\Zotero\\storage\\PGCMBBA2\\Tomic - 2014 - De l'usage des API.pdf:application/pdf;Snapshot:C\:\\Users\\Axelle\\Zotero\\storage\\UZ7HSWSP\\revue-documentaliste-sciences-de-l-information-2014-3-page-17.html:text/html},
	keywords={humanities}
}

@article{le_roy_ladurie_fin_1968,
	title = {La fin des érudits},
	volume = {8},
	pages = {38--39},
	journaltitle = {Le Nouvel Observateur},
	author = {Le Roy Ladurie, Emmanuel},
	date = {1968},
	keywords={humanities}
}

@online{lemny__nodate,
	title = {« L’historien de demain sera programmeur… » : Emmanuel Le Roy Ladurie et les défis de la science},
	url = {https://histoirebnf.hypotheses.org/1505},
	shorttitle = {« L’historien de demain sera programmeur… »},
	abstract = {Cet article résume la conférence « « L’historien de demain sera programmeur… » Emmanuel Le Roy Ladurie et les défis de la science » présentée le 7 octobre 2017 lors des Rendez-vous de l’Histoire de Blois,  et s’inscrit ainsi dans la droite ligne du thème de la 20e édition « Eurêka – inventer, découvrir, innover ». À partir des … Continuer la lecture de « L’historien de demain sera programmeur… » : Emmanuel Le Roy Ladurie et les défis de la science  →},
	titleaddon = {L'Histoire à la {BnF}},
	type = {Billet},
	author = {Lemny, Stefan},
	urldate = {2021-07-14},
	langid = {french},
	file = {Snapshot:C\:\\Users\\Axelle\\Zotero\\storage\\NPMXY9Q3\\1505.html:text/html},
	keywords={humanities}
}

@article{genet_histoire_1986,
	title = {Histoire, Informatique, Mesure},
	volume = {1},
	issn = {0982-1783},
	url = {https://www.persee.fr/doc/hism_0982-1783_1986_num_1_1_904},
	doi = {10.3406/hism.1986.904},
	pages = {7--18},
	number = {1},
	journaltitle = {Histoire \& Mesure},
	shortjournal = {hism},
	author = {Genet, Jean-Philippe},
	urldate = {2021-07-14},
	date = {1986},
	langid = {french},
	file = {Genet - 1986 - Histoire, Informatique, Mesure.pdf:C\:\\Users\\Axelle\\Zotero\\storage\\P5XR94S2\\Genet - 1986 - Histoire, Informatique, Mesure.pdf:application/pdf},
	keywords={humanities}
}

@incollection{clavert_vers_2014,
	edition = {Fyp Editions},
	title = {Vers de nouveaux modes de lecture des sources},
	url = {https://orbilu.uni.lu/bitstream/10993/34980/1/CLAVERT%20-%20Sur%20le%20cas%20de%20l%27histoire.pdf},
	booktitle = {Le temps des humanités digitales},
	author = {Clavert, Frédéric},
	editor = {Le Deuff, Olivier},
	urldate = {2021-07-14},
	date = {2014},
	keywords={humanities}
}

@book{graham_exploring_2016-hum,
	location = {London},
	edition = {Imperial College Press},
	title = {Exploring Big Historical Data : the Historian's Macroscope},
	author = {Graham, Shawn and Milligan, Ian and Weingart, Scott},
	date = {2016},
	keywords={humanities}
}

@book{vitali-rosati_pratiques_2014,
	location = {Montréal},
	edition = {Les Presses de l'Université de Montréal},
	title = {Pratiques de l'édition numérique},
	url = {http://www.parcoursnumeriques-pum.ca/},
	series = {Parcours Numériques},
	author = {Vitali-Rosati, Marcello and E. Sinatra, Michael},
	date = {2014},
	keywords={humanities}
}

@book{moretti_graphs_2005,
	location = {London, New York},
	edition = {Verso},
	title = {Graphs, Maps, Trees. Abstract Models for a Literary History},
	author = {Moretti, Franco},
	date = {2005},
	keywords={humanities}
}

@book{chatelus_ledition_2014,
	edition = {Mémoire pour le diplôme "Technlogie appliquées à l'histoire"},
	title = {L'édition électronique d'un catalogue du {XVIIIe} siècle : le manuscrit 813 de la bibliothèque de Saint Omer},
	publisher = {École nationale des chartes},
	author = {Chatelus, Marjorie},
	date = {2014},
	langid = {french},
	keywords={humanities}
}

@book{noauthor_forderkriterin_2015,
	location = {Bonn},
	edition = {Publication à partir du colloque Sprachwissenschaften der Deutschen Forschungsgemeinschaft ({DFG})},
	title = {Förderkriterin für wissenschaftliche Edition in der Literaturwissenschaft},
	url = {https://www.dfg.de/download/pdf/foerderung/grundlagen_dfg_foerderung/informationen_fachwissenschaften/geisteswissenschaften/foerderkriterien_editionen_literaturwissenschaft.pdf},
	date = {2015},
	keywords={humanities}
}

@article{dumont_bridging_2014,
	title = {Bridging the Gap: Greater Usability for {TEI} encoding},
	rights = {For this publication a Creative Commons Attribution 4.0 International license has been granted by the author(s) who retain full copyright.},
	issn = {2162-5603},
	url = {https://journals.openedition.org/jtei/1242},
	doi = {10.4000/jtei.1242},
	shorttitle = {Bridging the Gap},
	abstract = {This article shows how, with a focus on user-friendliness and a bottom-up approach, the digital work environment ediarum was successfully developed. With ediarum, researchers can comfortably encode and edit in {TEI}, as well as publish their results in an online or print edition. This solution, developed by the {TELOTA} initiative of Berlin-Brandenburg Academy of Sciences and Humanities, is based on three software components: {eXistdb}, Oxygen {XML} Author, and {ConTeXt}. These components are combined, supplemented with additional functions, and tailored to fit a project’s needs. After a pilot run, ediarum has been implemented for multiple internal and external research projects. The experience that was gained and our self developed program components are available to the Digital Humanities community.},
	issue = {Issue 8},
	journaltitle = {Journal of the Text Encoding Initiative},
	author = {Dumont, Stefan and Fechner, Martin},
	urldate = {2021-07-23},
	date = {2014-12-28},
	langid = {english},
	note = {Number: Issue 8
Publisher: Text Encoding Initiative Consortium},
	file = {Full Text PDF:C\:\\Users\\Axelle\\Zotero\\storage\\9UC234HQ\\Dumont and Fechner - 2014 - Bridging the Gap Greater Usability for TEI encodi.pdf:application/pdf},
	keywords={humanities}
}

@incollection{collectif_lhistorien_2012,
	location = {Paris},
	title = {L’historien programmeur ? : Proposé par : Frédéric Clavert, Aurélien Berra, Franziska Heimburger},
	rights = {{CC} {BY}-{SA} 3.0},
	isbn = {978-2-7351-1527-3},
	url = {http://books.openedition.org/editionsmsh/305},
	series = {La Non-Collection},
	shorttitle = {L’historien programmeur ?},
	abstract = {À partir du projet de site internet et de livre qui sont devenus collaboratifs pour la préparation d’une deuxième édition - et sur la base d’exemples concrets, cet atelier se propose de discuter de l’intérêt, pour des chercheurs en sciences humaines et sociales, d’apprendre les bases de la programmation.},
	booktitle = {{THATCamp} Paris 2012 : Non-actes de la non-conférence des humanités numériques},
	publisher = {Éditions de la Maison des sciences de l’homme},
	author = {Collectif},
	urldate = {2021-07-23},
	date = {2012-10-01},
	langid = {french},
	note = {Code: {THATCamp} Paris 2012 : Non-actes de la non-conférence des humanités numériques},
	keywords = {programmation, histoire, archivage, archives ouvertes, édition numérique, livre collaboratif, numérique, réseaux sociaux, sciences humaines},
	keywords={humanities}
}

@article{verlaet_lenjeu_2016-hum,
	title = {L’enjeu du web de données pour l’édition scientifique},
	volume = {Volume 53},
	issn = {2428-2111},
	url = {https://www.cairn.info/revue-i2d-information-donnees-et-documents-2016-2-page-49.htm},
	abstract = {[impact] Cet article présente le concept d’éditorialisation sémantique et explicite les opportunités de l’enrichissement sémantique des publications scientifiques pour l’ensemble des acteurs de l’{IST} (auteurs, éditeurs et professionnels de l’information).},
	pages = {49--49},
	number = {2},
	journaltitle = {I2D - Information, donnees documents},
	author = {Verlaet, Lise and Dillaerts, Hans},
	urldate = {2021-07-24},
	date = {2016-07-05},
	langid = {french},
	note = {Bibliographie\_available: 0
Cairndomain: www.cairn.info
Cite Par\_available: 1
Publisher: A.D.B.S.},
	file = {Full Text PDF:C\:\\Users\\Axelle\\Zotero\\storage\\KKLPYKYY\\Verlaet and Dillaerts - 2016 - L’enjeu du web de données pour l’édition scientifi.pdf:application/pdf;Snapshot:C\:\\Users\\Axelle\\Zotero\\storage\\98V85CCY\\revue-i2d-information-donnees-et-documents-2016-2-page-49.html:text/html},
	keywords={humanities}
}

@article{meyer_datenmodellierung_2019,
	title = {Datenmodellierung für digitale Editionen – Stand und Perspektiven zwischen {XML}/{TEI}, Linked Open Data und Ontologien},
	pages = {70},
	journaltitle = {Master Thesis},
	author = {Meyer, Till},
	date = {2019},
	langid = {german},
	file = {Meyer - Datenmodellierung für digitale Editionen – Stand u.pdf:C\:\\Users\\Axelle\\Zotero\\storage\\HGKFA3YE\\Meyer - Datenmodellierung für digitale Editionen – Stand u.pdf:application/pdf},
	keywords={humanities}
}

@article{mkadmi_xml_2006-hum,
	title = {{XML} et travail collaboratif : vers un Web sémantique},
	volume = {16},
	url = {https://hal.archives-ouvertes.fr/hal-01340492},
	shorttitle = {{XML} et travail collaboratif},
	journaltitle = {La revue maghrébine de documentation et d'information},
	author = {Mkadmi, Abderrazak},
	urldate = {2021-07-25},
	date = {2006},
	keywords = {Collaborative work, Digital document, Document numérique, Information retrieval, Metadata, Métadonnées, Recherche d'information, Semantic Web, Travail collaboratif, Web sémantique, {XML}},
	file = {HAL PDF Full Text:C\:\\Users\\Axelle\\Zotero\\storage\\VHT9FDJR\\Mkadmi - 2006 - XML et travail collaboratif  vers un Web sémantiq.pdf:application/pdf},
	keywords={humanities}
}

@article{dumont_briefe_nodate,
	title = {Briefe kommentieren im Semantic Web},
	pages = {25},
	author = {Dumont, Stefan},
	langid = {german},
	file = {Dumont - Briefe kommentieren im Semantic Web.pdf:C\:\\Users\\Axelle\\Zotero\\storage\\C9WL9HMZ\\Dumont - Briefe kommentieren im Semantic Web.pdf:application/pdf},
	keywords={humanities}
}

@article{wenz_hypertextualisation_2012,
	title = {Hypertextualisation},
	volume = {n° 42},
	issn = {1254-7700},
	url = {https://www.cairn.info/revue-de-la-bibliotheque-nationale-de-france-2012-3-page-36.htm},
	pages = {36--41},
	number = {3},
	journaltitle = {Revue de la {BNF}},
	author = {Wenz, Romain},
	urldate = {2021-07-26},
	date = {2012},
	langid = {french},
	file = {Full Text PDF:C\:\\Users\\Axelle\\Zotero\\storage\\D9X5JGMH\\Wenz - 2012 - Hypertextualisation.pdf:application/pdf;Snapshot:C\:\\Users\\Axelle\\Zotero\\storage\\I4QQPN7S\\revue-de-la-bibliotheque-nationale-de-france-2012-3-page-36.html:text/html},
	keywords={humanities}
}

@online{noauthor_kalliope_nodate,
	title = {Kalliope {\textbar} Historie},
	url = {https://kalliope-verbund.info/de/ueber-kalliope/historie.html},
	urldate = {2021-07-26},
	file = {Kalliope | Historie:C\:\\Users\\Axelle\\Zotero\\storage\\GI3DMMHK\\historie.html:text/html},
	keywords={humanities}
}

@article{noauthor_kalliope-verbund_2021,
	title = {Kalliope-Verbund},
	url = {https://de.wikipedia.org/wiki/Kalliope-Verbund},
	journaltitle = {Wikipedia},
	urldate = {2021-07-26},
	date = {2021-01-15},
	langid = {german},
	keywords={humanities}
}

@online{noauthor_kalliope_opac_2014,
	title = {{KALLIOPE} OPAC},
	url = {https://web.archive.org/web/20141026122746/http://kalliope.staatsbibliothek-berlin.de/},
	urldate = {2021-07-26},
	date = {2014-10-26},
	keywords={humanities}
}

@article{noauthor_societe_2020,
	title = {Société américaine de philosophie},
	rights = {Creative Commons Attribution-{ShareAlike} License},
	url = {https://fr.wikipedia.org/wiki/Soci%C3%A9t%C3%A9_am%C3%A9ricaine_de_philosophie},
	journaltitle = {Wikipédia},
	urldate = {2021-07-28},
	date = {2020-04-25},
	langid = {french},
	keywords={humanities}
}

@online{noauthor_aps_library,
	title = {Use the {APS} Library},
	url = {https://www.amphilsoc.org/library},
	abstract = {With roots extending back to the founding of the Society in 1743, the Library of the American Philosophical Society houses over thirteen million manuscripts, 350,000 volumes and bound periodicals, 250,000 images, and thousands of hours of audio tape. The Library's holdings make it among the premier institutions for documenting the history of the American Revolution and Founding, the study of natural history in the 18th and 19th centuries, the study of evolution and genetics, quantum mechanics, and the development of cultural anthropology, among others.},
	titleaddon = {American Philosophical Society},
	urldate = {2021-07-28},
	langid = {english},
	file = {Snapshot:C\:\\Users\\Axelle\\Zotero\\storage\\U55ZUIPE\\library.html:text/html},
	keywords={humanities}
}

@online{elkner_how_nodate,
	title = {How to Think Like a Computer Scientist},
	url = {https://www.greenteapress.com/thinkpython/thinkCSpy/html/preface.html},
	author = {Elkner, Jeff},
	urldate = {2021-08-10},
	file = {Preface:C\:\\Users\\Axelle\\Zotero\\storage\\UB5TBGSR\\preface.html:text/html},
	keywords={humanities}
}

@article{wiki_framework_2021,
	title = {\textit{Framework}},
	rights = {Creative Commons Attribution-{ShareAlike} License},
	url = {https://fr.wikipedia.org/w/index.php?title=Framework&oldid=180178641},
	journaltitle = {Wikipédia},
	urldate = {2021-08-10},
	date = {2021-02-22},
	langid = {french},
	keywords={humanities}
}

@online{noauthor_interoperabilite_nodate,
	title = {Interopérabilité : définition et synonyme},
	url = {https://www.journaldunet.fr/web-tech/dictionnaire-de-l-iot/1208123-interoperabilite-une-capacite-essentielle-pour-l-iot/},
	shorttitle = {Interopérabilité},
	abstract = {Pour profiter au mieux des bénéfices de l'{IoT}, il convient de s'assurer d'une réelle interopérabilité entre les réseaux des objets connectés.},
	urldate = {2021-08-20},
	langid = {french},
	file = {Snapshot:C\:\\Users\\Axelle\\Zotero\\storage\\EJJRA325\\1208123-interoperabilite-une-capacite-essentielle-pour-l-iot.html:text/html},
	keywords={humanities}
}