
@misc{dr_kraft_alexander_2020,
	title = {Alexander von Humboldt auf Reisen - [Editions-]Wissenschaft in Bewegung},
	url = {https://cutt.ly/SmVemqj},
	abstract = {Vortrag im Rahmen des Gremiums Digital Humanities der Sächsischen Landesbibliothek-Staat- und Universitätsbibliothek ({SLUB}).},
	publisher = {Sächsische Landesbibliothek - Staats- und Universitätsbibliothek Dresden, Mediathek},
	author = {Dr. Kraft, Tobias and Thomas, Christian},
	date = {2020-02-12},
	keywords={humboldt}
}

@incollection{spies_resonance_2020,
	edition = {Wienand},
	title = {Resonance space - The cosmos Lectures},
	pages = {149--151},
	booktitle = {Wilhem und Alexander von Humboldt, Berlin Cosmos},
	author = {Daum, Andreas W.},
	editor = {Spies, Paul and Tinteman, Ute and Mende, Jan},
	date = {2020},
	keywords={humboldt}
}

@incollection{biermann_alexander_1990,
	location = {Berlin},
	edition = {Akademie Verlag Berlin},
	title = {Alexander von Humboldt als Initiator und Organisator internationaler Zusammenrbeit auf geophysikalischem Gebiet},
	pages = {107--116},
	booktitle = {Mischellanea Humboldtiana},
	author = {Biermann, Kurt-R.},
	date = {1990},
	keywords={humboldt}
}

@incollection{schwarz_korrespondenz_2018,
	location = {Stuttgart},
	edition = {Springer-Verlag},
	title = {Die Korrespondenz},
	pages = {80--91},
	booktitle = {Alexander von Humboldt, Handbuch : Leben-Werk-Wirkung},
	publisher = {J.B. Metzler},
	author = {Schwarz, Ingo},
	editor = {Ette, Ottmar},
	date = {2018},
	keywords={humboldt}
}

@incollection{daum_popularisierung_2018,
	location = {Stuttgart},
	edition = {Springer-Verlag},
	title = {Popularisierung des Wissens},
	pages = {200--204},
	booktitle = {Alexander von Humboldt, Handbuch : Leben-Werk-Wirkung},
	publisher = {J.B. Metzler},
	author = {Daum, Andreas W.},
	editor = {Ette, Ottmar},
	date = {2018},
	keywords={humboldt}
}

@book{bourguet_monde_2017,
	location = {Paris},
	edition = {Édition du félin},
	title = {Le monde dans un carnet : Alexander von Humboldt en Italie (1805)},
	author = {Bourguet, Marie-Noëlle},
	date = {2017},
	langid = {french},
	keywords={humboldt}
}

@book{schuchardt_fakt_2010,
	location = {Stuttgart},
	edition = {Franz Steiner Verlag},
	title = {Fakt, Ideologie, System. Die Geschichte der ostdeutschen Alexander von Humboldt-Forschung},
	author = {Schuchardt, Gregor},
	date = {2010},
	keywords={humboldt}
}

@article{biermann_alexander-von-humboldt-briefausgabe_1962,
	title = {Die Alexander-von-Humboldt-Briefausgabe},
	volume = {36, 8},
	pages = {225--230},
	journaltitle = {Forschungen und Fortscritte},
	author = {Biermann, Kurt-R. and Lange, Fritz G.},
	date = {1962},
	keywords={humboldt}
}

@article{biermann_zugang_1965,
	title = {Der Zugang an Briefen Alexander von Humboldts hält an},
	volume = {11, 2},
	pages = {55--58},
	journaltitle = {Spektrum. Mitteilungsblatt für die Mitarbeiter der Deutschen Akademie der Wissenschaft zu Berlin},
	author = {Biermann, Kurt-R.},
	date = {1965},
	keywords={humboldt}
}

@incollection{biermann_alexander-von-humboldt-forschung_1974,
	title = {Die Alexander-von-Humboldt-Forschung an der Akademie der Wissenschaften der D.D.R. - Ergebnisse und Ziele},
	series = {15},
	pages = {295--305},
	booktitle = {Boston Studies in the Philosophy of Science},
	author = {Biermann, Kurt-R.},
	date = {1974},
	keywords={humboldt}
}

@article{noauthor_alexander_2021,
	title = {Alexander von Humboldt},
	rights = {Creative Commons Attribution-{ShareAlike} License},
	url = {https://fr.wikipedia.org/wiki/Alexander_von_Humboldt},
	journaltitle = {Wikipedia},
	urldate = {2021-07-28},
	date = {2021-07-27},
	langid = {english},
	keywords={humboldt}
}